@article{abubakari2024neutral,
  title={Neutral Benchmarking of Survival Models in Health Sciences: Comparative Study of Classical and Machine Learning Techniques},
  author={Abubakari, Suma{\i}la and Karaman, Filiz},
  journal={Gazi University Journal of Science Part A: Engineering and Innovation},
  volume={11},
  number={3},
  pages={518--534},
  year={2024},
  publisher={Gazi University}
}