@inproceedings{abubakariDNN2023,
  title={exDNNsurv: Using Deep Neural Network as An Extension to Traditional Survival Modeling},
  author={Sumaila, Abubakari and Filiz, Karaman},
  booktitle={7th International Researchers, Statisticians, and Young Statisticians Congress},
  year={2023},
  organization={Yildiz Technical University}
}
